% Encoding: UTF-8

@InProceedings{ha2011development,
  Title                    = {Development of open humanoid platform DARwIn-OP},
  Author                   = {Ha, Inyong and Tamura, Yusuke and Asama, Hajime and Han, Jeakweon and Hong, Dennis W},
  Booktitle                = {SICE Annual Conference (SICE), 2011 Proceedings of},
  Year                     = {2011},
  Organization             = {IEEE},
  Pages                    = {2178--2181}
}

@InProceedings{williams2012darwin,
  Title                    = {DARwIn-OP humanoid robot kinematics},
  Author                   = {Williams, Robert L},
  Booktitle                = {ASME 2012 International Design Engineering Technical Conferences and Computers and Information in Engineering Conference},
  Year                     = {2012},
  Organization             = {American Society of Mechanical Engineers},
  Pages                    = {1187--1196}
}

@InProceedings{klotzbucher2010orocos,
  author    = {Klotzb{\"u}cher, Markus and Soetens, Peter and Bruyninckx, Herman},
  title     = {Orocos rtt-lua: an execution environment for building real-time robotic domain specific languages},
  booktitle = {International Workshop on Dynamic languages for Robotic and Sensors},
  year      = {2010},
  pages     = {284--289},
}

@Article{jang2010opros,
  author    = {Jang, Choulsoo and Lee, Seung-Ik and Jung, Seung-Woog and Song, Byoungyoul and Kim, Rockwon and Kim, Sunghoon and Lee, Cheol-Hoon},
  title     = {OPRoS: A new component-based robot software platform},
  journal   = {ETRI journal},
  year      = {2010},
  volume    = {32},
  number    = {5},
  pages     = {646--656},
  publisher = {Electronics and Telecommunications Research Institute},
}

@InProceedings{baillie2008urbi,
  author    = {Baillie, Jean-Christophe and Demaille, Akim and Hocquet, Quentin and Nottale, Matthieu and Tardieu, Samuel},
  title     = {The Urbi universal platform for robotics},
  booktitle = {First International Workshop on Standards and Common Platform for Robotics},
  year      = {2008},
}

@InProceedings{quigley2009ros,
  author       = {Quigley, Morgan and Conley, Ken and Gerkey, Brian and Faust, Josh and Foote, Tully and Leibs, Jeremy and Wheeler, Rob and Ng, Andrew Y},
  title        = {ROS: an open-source Robot Operating System},
  booktitle    = {ICRA workshop on open source software},
  year         = {2009},
  volume       = {3},
  number       = {3.2},
  pages        = {5},
  organization = {Kobe},
}

@TechReport{c++2011iso,
  author      = {C++ Standards Committee and others},
  title       = {iso/iec 14882: 2011, standard for programming language c++},
  institution = {Tech. rep., ISO/IEC, 2011. http://www. open-std. org/jtc1/sc22/wg21},
  year        = {2011},
}

@InProceedings{meier2015px4,
  author       = {Meier, Lorenz and Honegger, Dominik and Pollefeys, Marc},
  title        = {PX4: A node-based multithreaded open source robotics framework for deeply embedded platforms},
  booktitle    = {Robotics and Automation (ICRA), 2015 IEEE International Conference on},
  year         = {2015},
  pages        = {6235--6240},
  organization = {IEEE},
}

@Article{syzovalgorithm,
  author = {Syzov, Dmytro and Kachan, Dmitry and Siemens, Eduard},
  title  = {Algorithm of Handling Out-of-Order Delivery for Multithreaded UDP-based Data Transport},
  year   = {2017},
}

@InProceedings{sumaray2012comparison,
  author       = {Sumaray, Audie and Makki, S Kami},
  title        = {A comparison of data serialization formats for optimal efficiency on a mobile platform},
  booktitle    = {Proceedings of the 6th international conference on ubiquitous information management and communication},
  year         = {2012},
  pages        = {48},
  organization = {ACM},
}

@PhdThesis{zaluzhnyi2016serialization,
  author = {Zaluzhnyi, Yaroslav},
  title  = {Serialization and deserialization of complex data structures, and applications in high performance computing},
  school = {Technische Universit{\"a}t Dresden},
  year   = {2016},
}

@Book{williams2012c++,
  title     = {C++ concurrency in action},
  publisher = {London},
  year      = {2012},
  author    = {Williams, Anthony},
}

@Book{martin2015mastering,
  title     = {Mastering CMake},
  publisher = {Kitware},
  year      = {2015},
  author    = {Martin, Ken and Hoffman, Bill},
}

@Book{rosen2005open,
  title     = {Open source licensing},
  publisher = {Prentice Hall},
  year      = {2005},
  author    = {Rosen, Lawrence},
  volume    = {692},
}

@Article{boren2011exponential,
  author    = {Boren, Jonathan and Cousins, Steve},
  title     = {Exponential growth of ros [ros topics]},
  journal   = {IEEE Robotics \& Automation Magazine},
  year      = {2011},
  volume    = {18},
  number    = {1},
  pages     = {19--20},
  publisher = {IEEE},
}

@InProceedings{matsakis2014rust,
  author       = {Matsakis, Nicholas D and Klock II, Felix S},
  title        = {The rust language},
  booktitle    = {ACM SIGAda Ada Letters},
  year         = {2014},
  volume       = {34},
  number       = {3},
  pages        = {103--104},
  organization = {ACM},
}

@Book{torjo2013boost,
  title     = {Boost. Asio C++ network programming},
  publisher = {Packt Publishing Ltd},
  year      = {2013},
  author    = {Torjo, John},
}

@InProceedings{nethercote2007valgrind,
  author       = {Nethercote, Nicholas and Seward, Julian},
  title        = {Valgrind: a framework for heavyweight dynamic binary instrumentation},
  booktitle    = {ACM Sigplan notices},
  year         = {2007},
  volume       = {42},
  number       = {6},
  pages        = {89--100},
  organization = {ACM},
}

@Book{schaling2011boost,
  title     = {The boost C++ libraries},
  publisher = {Boris Sch{\"a}ling},
  year      = {2011},
  author    = {Sch{\"a}ling, Boris},
}

@Comment{jabref-meta: databaseType:bibtex;}
